<record><leader>00000cas a22000007a 4500</leader><controlfield tag="001">20430725</controlfield><controlfield tag="008">891003d19381948mduwr ne      0    0eng d</controlfield><datafield ind1=" " ind2=" " tag="010"><subfield code="a">sn 89060151 </subfield></datafield><datafield ind1=" " ind2=" " tag="040"><subfield code="a">MFN</subfield><subfield code="b">eng</subfield><subfield code="c">MFN</subfield><subfield code="d">OCLCQ</subfield></datafield><datafield ind1=" " ind2=" " tag="042"><subfield code="a">msc</subfield></datafield><datafield ind1="0" ind2=" " tag="130"><subfield code="a">Dorchester news (Hurlock, Md. : 1938)</subfield></datafield><datafield ind1="1" ind2="0" tag="245"><subfield code="a">Dorchester news.</subfield></datafield><datafield ind1="1" ind2="3" tag="246"><subfield code="a">Upper Dorchester news</subfield></datafield><datafield ind1=" " ind2=" " tag="260"><subfield code="a">Hurlock, Md. :</subfield><subfield code="b">Max Chambers</subfield></datafield><datafield ind1=" " ind2=" " tag="300"><subfield code="a">v.</subfield></datafield><datafield ind1=" " ind2=" " tag="310"><subfield code="a">Weekly</subfield></datafield><datafield ind1="0" ind2=" " tag="362"><subfield code="a">Vol. 16, no. 22 (June 24, 1938)-v. 25, no. 53 (Jan. 29, 1948).</subfield></datafield><datafield ind1=" " ind2=" " tag="500"><subfield code="a">Published at Cambridge, Md., Mar. 5, 1942-Jan. 28, 1943.</subfield></datafield><datafield ind1=" " ind2=" " tag="752"><subfield code="a">United States</subfield><subfield code="b">Maryland</subfield><subfield code="c">Dorchester</subfield><subfield code="d">Hurlock.</subfield></datafield><datafield ind1=" " ind2=" " tag="752"><subfield code="a">United States</subfield><subfield code="b">Maryland</subfield><subfield code="c">Dorchester</subfield><subfield code="d">Cambridge.</subfield></datafield><datafield ind1="0" ind2="0" tag="780"><subfield code="t">Upper Dorchester news (Hurlock, Md. : 1921)</subfield><subfield code="w">(DLC)sn 89060150</subfield></datafield><datafield ind1="0" ind2="0" tag="785"><subfield code="t">Upper Dorchester news (Hurlock, Md. : 1948)</subfield><subfield code="w">(DLC)sn 89060152</subfield></datafield></record>